<?xml version="1.0" encoding="UTF-8"?><collection xmlns="http://www.loc.gov/MARC21/slim"><record><leader>00426nam--2200145-i-4500</leader><controlfield tag="001">000009569</controlfield><controlfield tag="002">20161230</controlfield><controlfield tag="005">20161230201028</controlfield><controlfield tag="008">060222s1000------------r-----000-0-eng-d</controlfield><datafield ind1=" " ind2=" " tag="080"><subfield code="a">621.039:66</subfield></datafield><datafield ind1=" " ind2=" " tag="100"><subfield code="a">Benedict, Manson And Pigford, Thomas H</subfield></datafield><datafield ind1=" " ind2=" " tag="245"><subfield code="a">Nuclear chemical engineering</subfield></datafield><datafield ind1=" " ind2=" " tag="260"><subfield code="a">New York, Mcgraw-hill Book Company, 1957. Xiv + 594 P</subfield></datafield><datafield ind1=" " ind2=" " tag="490"><subfield code="a">Mcgraw-hill Series In Nuclear Engineering</subfield></datafield><datafield ind1=" " ind2=" " tag="852"><subfield code="a">13033</subfield></datafield></record></collection>